@article{adsp,
  AUTHOR =    {Alan Adolphson and Steven Sperber},
  TITLE =     {Exponential Sums on the Complement of a Hypersurface},
  JOURNAL =   "American Journal of Mathematics",
  YEAR =      {1980},
  VOLUME =    {102},
  NUMBER =    {3},
  PAGES =     {461--487},
}

@article{ang,
  AUTHOR =    {Pedro L. del Angel R.},
  TITLE =     {A remark on the {H}odge type of projective varieties of low degree},
  JOURNAL =   "Journal f{\"u}r reine und angewandte Mathematik",
  YEAR =      1994,
  VOLUME =    449,
  PAGES =     {173--177},
}

@article{ax,
  AUTHOR =    {James Ax},
  TITLE =     {Zeroes of Polynomials over Finite Fields},
  JOURNAL =   "American Journal of Mathematics",
  YEAR =      1964,
  VOLUME =    86,
  PAGES =     {255--261},
}

@article{bay,
  AUTHOR =    {Pilar Bayer and J\"urgen Neukirch},
  TITLE =     {On {V}alues of {Z}eta {F}unctions and $\ell$-adic {E}uler {C}haracteristics},
  JOURNAL =   "Inventiones math.",
  YEAR =      1978,
  VOLUME =    50,
  PAGES =     {35--64},
}

@book{bosch,
  AUTHOR =    {Siegfried Bosch},
  TITLE =     {Algebra},
  PUBLISHER = {Springer},
  YEAR =      {1993},
  ADDRESS =   {Berlin, Heidelberg, New York},
}

@MASTERSTHESIS{lars,
  AUTHOR =    {Lars Br{\"u}njes},
  TITLE =     {Fast-\'{e}tale \"{U}berlagerungen und {F}altings' {R}einheitssatz in den {D}imensionen eins and zwei},
  SCHOOL =    {Universit\"at zu K\"oln},
  YEAR =      {1998},
  TYPE =      {Diplomarbeit}
}

@PHDTHESIS{larsphd,
  AUTHOR =    {Lars Br{\"u}njes},
  TITLE =     {{\"U}ber die {Z}etafunktion von {F}ormen von {F}ermatgleichungen},
  SCHOOL =    {Universit\"at Regensburg},
  YEAR =      {2002},
  ADDRESS =   {OPUS Regensburg, http://www.uni-regensburg.de/opus/volltexte/2002/98},
  MONTH =     {July}
}

@UNPUBLISHED{larseins,
  AUTHOR =    {Lars Br{\"u}njes},
  TITLE =     {On the {Z}eta {F}unction of {F}orms of {F}ermat {E}quations},
  YEAR =      {2002},
  MONTH =     {December},
  NOTE =      {Preprint}
}

@UNPUBLISHED{enlcat,
  AUTHOR =    {Br{\"u}njes, Lars and Serp{\'e}, Christian},
  TITLE  =    {Enlargements of {C}ategories},
  NOTE   =    {Preprint}
}

@UNPUBLISHED{nsetale,
  AUTHOR =    {Br{\"u}njes, Lars and Serp{\'e}, Christian},
  TITLE  =    {Nonstandard {\'E}tale {C}ohomology},
  NOTE   =    {Preprint}
}

@article{dht,
  AUTHOR =    {Dalgin, Hassan and Haddad, Labib and Terziler, Mehmet},
  TITLE =     {On the {A}dditive {G}roup {S}tructure of the {N}onstandard {M}odels
               of the {T}heory of {I}ntegers},
  JOURNAL =   {Mathematical {L}ogic {Q}uarterly},
  YEAR =      2002,
  VOLUME =    48,
  PAGES =     {403--412}
}

@article{dan,
  AUTHOR =    {V. I. Danilov and A. G. Khovanski\u{i}},
  TITLE =     {Newton {P}olyhedra and an {A}lgorithm for {C}omputing {H}odge-{D}eligne {N}umbers},
  JOURNAL =   {Math. USSR Izvestiya},
  YEAR =      1987,
  VOLUME =    29,
  NUMBER =    2,
  PAGES =     {279--298}
}

@book{SGA4I,
  TITLE =     {Th\'eorie des topos et cohomologie \'etale des sch\'emas. {T}ome 1},
  NOTE =      {S\'eminaire de G\'eom\'etrie Alg\'ebrique du Bois-Marie 1963--1964 (SGA 4),
              Dirig\'e par M. Artin, A. Grothendieck et J. L. Verdier. Avec la collaboration de
              P. Deligne et B. Saint-Donat, Lecture Notes in Mathematics, Vol. 269},
  PUBLISHER = {Springer-Verlag},
  ADDRESS =   {Berlin, Heidelberg, New York},
  YEAR =      {1972},
}

@book{SGA4III,
  TITLE =     {Th\'eorie des topos et cohomologie \'etale des sch\'emas. {T}ome 3},
  NOTE =      {S\'eminaire de G\'eom\'etrie Alg\'ebrique du Bois-Marie 1963--1964 (SGA 4),
              Dirig\'e par M. Artin, A. Grothendieck et J. L. Verdier. Avec la collaboration de
              P. Deligne et B. Saint-Donat, Lecture Notes in Mathematics, Vol. 305},
  PUBLISHER = {Springer-Verlag},
  ADDRESS =   {Berlin, Heidelberg, New York},
  YEAR =      {1973},
  PAGES =     {vi+640},
  MRCLASS =   {14-06},
  MRNUMBER =  {50 \#7132}
}

@book {SGA45,
  AUTHOR =    {Pierre Deligne},
  TITLE =     {Cohomologie \'{e}tale},
  NOTE =      {S\'{e}minaire de G\'{e}om\'{e}trie Alg\'{e}brique du Bois-Marie SGA
                4${\frac{1}{2}}$,
                Avec la collaboration de J. F. Boutot, A. Grothendieck, L.
                Illusie et J. L. Verdier,
                Lecture Notes in Mathematics, Vol. 569},
  PUBLISHER = {Springer-Verlag},
  ADDRESS =   {Berlin},
  YEAR =      1977,
  PAGES =     {iv+312pp},
  MRCLASS =   {14F20},
  MRNUMBER =  {57 \#3132},
  MRREVIEWER ={J. S. Milne}
}

@inbook{sga7ii,
  AUTHOR =    {Pierre Deligne},
  CHAPTER =   {XI - Cohomologie des intersections compl\`{e}te},
  PAGES =     {39--61},
  TITLE =     {Groupes de Monodromie en G\'{e}om\'{e}trie Alg\'{e}brique (SGA 7 II)},
  PUBLISHER = {Springer},
  YEAR =      1973,
  ADDRESS =   {Berlin, Heidelberg, New York},
  SERIES =    {Lecture Notes in Mathematics},
  VOLUME =    340
}

@article{dedi,
  AUTHOR =    {Pierre Deligne and A. Dimca},
  TITLE =     {Filtrations de {H}odge et par l'ordre du p\^{o}le pour
               les hypersurfaces singuli\`{e}res},
  JOURNAL =   "Annales Scientifiques de l'\'{E}cole Normales Sup\'{e}rieure",
  YEAR =      1990,
  VOLUME =    23,
  NUMBER =    4,
  PAGES =     {645--656},
}

@book{deligne,
  AUTHOR =    {Pierre Deligne},
  TITLE =     {Hodge {C}ycles, {M}otives and {S}himura {V}arieties},
  PUBLISHER = {Springer},
  YEAR =      1982,
  ADDRESS =   {Berlin, Heidelberg, New York},
  SERIES =    {Lecture {N}otes in {M}athematics},
  VOLUME =    900,
}

@article{den2,
  AUTHOR =    {Christopher Deninger},
  TITLE =     {Local ${L}$-factors of motives and regularized determinants},
  JOURNAL =   {Inventiones {M}athematicae},
  YEAR =      1992,
  VOLUME =    107,
  NUMBER =    1,
  PAGES =     {135--150}
}

@inproceedings{den1,
  AUTHOR =    {Christopher Deninger},
  TITLE =     {Evidence for a {C}ohomological {A}pproach to {A}nalytic {N}umber {T}heory},
  BOOKTITLE = {First {E}uropean {C}ongress of {M}athematics
               ({P}aris, {J}uly 6--10, 1992), Volume I},
  YEAR =      1994,
  PUBLISHER = {Birkh\"auser},
  PAGES =     {491--510},
  SERIES =    {Progress in {M}athematics}
}

@inproceedings{den3,
  AUTHOR =    {Christopher Deninger},
  TITLE =     {Motivic ${L}$-functions and regularized determinants},
  BOOKTITLE = {Motives (Seattle, WA, 1991)},
  YEAR =      1994,
  SERIES =    {Proceedings of {S}ymposia in {P}ure {M}athematics},
  VOLUME =    {55, part I},
  PAGES =     {707--743}
}

@inproceedings{den4,
  AUTHOR =    {Christopher Deninger},
  TITLE =     {Motivic ${L}$-functions and regularized determinants {II}},
  BOOKTITLE = {Arithmetic Geometry (Cortona, 1994)},
  YEAR =      1997,
  SERIES =    {Symposia Mathematica},
  VOLUME =    {XXXVII},
  PAGES =     {138--156}
}

@article{dim,
  AUTHOR =    {A. Dimca},
  TITLE =     {Hodge {N}umbers of {H}ypersurfaces},
  JOURNAL =   "Abh. Math. Sem. Univ. Hamburg",
  YEAR =      1996,
  VOLUME =    66,
  PAGES =     {377--386},
}

@inproceedings{dw1,
  AUTHOR =    {Bernard Dwork},
  TITLE =     {A {D}eformation {T}heory for the {Z}eta {F}unction of a {H}ypersurface},
  BOOKTITLE = {Proc. Int. Congr. Math.},
  YEAR =      1963,
  PAGES =     {247--259}
}

@article{dw2,
  AUTHOR =    {Bernard Dwork},
  TITLE =     {On the {R}ationality of the {Z}eta {F}unction of an
              {A}lgebraic {V}ariety},
  JOURNAL =   "American Journal of Mathematics",
  YEAR =      1960,
  VOLUME =    82,
  PAGES =     {631--648},
}

@incollection{dw3,
  AUTHOR =    {Bernard Dwork},
  TITLE =     {On the {Z}eta {F}unction of a {H}ypersurface},
  BOOKTITLE = {Publications Math\'{e}matiques 12},
  PUBLISHER = {Institut des Hautes \'{E}tudes Scientifiques},
  YEAR =      1962,
  PAGES =     {5--68}
}

@article{dw4,
  AUTHOR =    {Bernard Dwork},
  TITLE =     {On the {Z}eta {F}unction of a {H}ypersurface: {I}{I}},
  JOURNAL =   "Ann. of Math., II.",
  YEAR =      1964,
  VOLUME =    80,
  PAGES =     {227--299},
}

@book{eisenbud,
  AUTHOR =    {David Eisenbud},
  TITLE =     {Commutative {A}lgebra with a {V}iew {T}oward {A}lgebraic {G}eometry},
  PUBLISHER = {Springer},
  YEAR =      1995,
  ADDRESS =   {New York, Berlin, Heidelberg},
  SERIES =    {Graduate Texts in Mathematics},
  NUMBER =    150,
}

@unpublished{fesenko,
  AUTHOR =    {I. Fesenko},
  TITLE =     {Analzsis on arithmetic schemes},
  NOTE =      {preprint},
  YEAR =      2002,
  MONTH =     {September}
}

@unpublished{fes,
  AUTHOR =    {I. Fesenko},
  TITLE =     {Vague remarks on nonstandard mathematics},
  NOTE =      {preprint},
  YEAR =      2003
}

@article{gabber,
  AUTHOR =    {Ofer Gabber},
  TITLE =     {Sur la torsion dans la cohomologie {$l$}-adique d'une
                vari\'{e}t\'{e}},
  JOURNAL =   {C. R. Acad. Sci. Paris S\'{e}r. I Math.},
  FJOURNAL =  {Comptes Rendus des S\'{e}ances de l'Acad\'{e}mie des Sciences.
                S\'{e}rie I. Math\'{e}matique},
  VOLUME =    {297},
  YEAR =      {1983},
  NUMBER =    {3},
  PAGES =     {179--182},
  ISSN =      {0249-6291},
  CODEN =     {CASMEI},
  MRCLASS =   {14F20},
  MRNUMBER =  {85f:14018},
  MRREVIEWER ={G. Horrocks}
}

@book{gelfand,
  AUTHOR =    {Gelfand, Israel M. and Kapranov, Mikhail M. and Zelevinsky, Andrei V.},
  TITLE =     {Discriminants, {R}esultants and {M}ultidimensional {D}eterminants},
  PUBLISHER = {Birkh\"auser},
  YEAR =      1994,
  ADDRESS =   {Boston, Basel, Berlin},
  SERIES =    {Mathematics: {T}heory \& {A}pplications},
}

@book{nsharmonicanalysis,
  AUTHOR =    {Gordon, E. I.},
  TITLE =     {Nonstandard methods in commutative harmonic analysis},
  SERIES =    {Translations of Mathematical Monographs},
  VOLUME =    {164},
  NOTE =      {Translated from the Russian manuscript by H. H.\ McFaden},
  PUBLISHER = {American Mathematical Society},
  ADDRESS =   {Providence, RI},
  YEAR =      {1997},
  PAGES =     {xiv+166},
  ISBN =      {0-8218-0419-7},
}

@incollection{yui2,
  AUTHOR =    {Fernando Q. Gouv\^{e}a and Noriko Yui},
  TITLE =     {''{B}rauer {N}umbers'' of {T}wisted {F}ermat {M}otives},
  BOOKTITLE = {Number Theory, New York Seminar 1991-1995},
  PUBLISHER = {Springer},
  YEAR =      1995,
  PAGES =     {151--175}
}

@book{yui3,
  AUTHOR =    {Fernando Q. Gouv\^{e}a and Noriko Yui},
  TITLE =     {Arithmetic of {D}iagonal {H}ypersurfaces over {F}inite {F}ields},
  PUBLISHER = {Cambridge University Press},
  YEAR =      1995,
  SERIES =    {London {M}athematical {S}ociety, {L}ecture {N}ote {S}eries},
  VOLUME =    209,
  ADDRESS =   {Cambridge},
}

@article{ega43,
  AUTHOR =    {Alexander Grothendieck},
  TITLE =     {\'{E}l\'{e}ments de g\'{e}om\'{e}trie alg\'{e}brique:
              {IV}. \'{E}tude locale des sch\'{e}mas et des morphism de sch\'{e}mas,
              {T}roisi\`{e}me partie},
  JOURNAL =   {Publications math\'{e}matiques de l'I.H.\'{E}.S.},
  YEAR =      {1966},
  VOLUME =    28,
  NUMBER =    2,
  PAGES =     {5--255},
}

@article{tohoku,
  AUTHOR =    {Alexander Grothendieck},
  TITLE =     {Sur quelques points d'alg\`{e}bre homologique},
  JOURNAL =   {Tohoku {M}athematical {J}ournal, {S}econd {S}eries},
  YEAR =      {1957},
  VOLUME =    {9},
  PAGES =     {119--221},
}

@book {SGAI,
  TITLE =     {Rev\^etements \'etales et groupe fondamental},
  NOTE =      {S\'eminaire de G\'eom\'etrie Alg\'ebrique du Bois Marie
                1960--1961 (SGA 1),
                Dirig\'e par Alexandre Grothendieck. Augment\'e de deux
                expos\'es de M. Raynaud,
                Lecture Notes in Mathematics, Vol. 224},
  PUBLISHER = {Springer-Verlag},
  ADDRESS =   {Berlin},
  YEAR =      {1971},
  PAGES =     {xxii+447},
  MRCLASS =   {14-06 (14E20)},
  MRNUMBER =  {50 \#7129},
}

@inbook{SGAI8,
  AUTHOR =    {Alexander Grothendieck},
  CHAPTER =   {VIII - D\'{e}scente {F}idelment plat},
  TITLE =     {SGA 1},
  PUBLISHER = {Springer},
  YEAR =      1971,
  ADDRESS =   {New York, Berlin, Heidelberg},
  SERIES =    {Lecture Notes in Mathematics},
  VOLUME =    224,
}

@inbook{SGA4I1,
  AUTHOR =    {Alexander Grothendieck and J.L. Verdier},
  CHAPTER =   {I - {P}r\'{e}faisceaux},
  TITLE =     {SGA 4},
  PUBLISHER = {Springer},
  YEAR =      1972,
  ADDRESS =   {New York, Berlin, Heidelberg},
  SERIES =    {Lecture Notes in Mathematics},
  VOLUME =    269,
}

@inbook{SGA4II5,
  AUTHOR =    {J. L. Verdier},
  CHAPTER =   {V - {C}ohomologie dans les {T}opos},
  TITLE =     {SGA 4},
  PUBLISHER = {Springer},
  YEAR =      1972,
  ADDRESS =   {New York, Berlin, Heidelberg},
  SERIES =    {Lecture Notes in Mathematics},
  VOLUME =    270,
}

@book{hardy,
  AUTHOR =    {G. H. Hardy},
  TITLE =     {Divergent {S}eries},
  PUBLISHER = {AMS Chelsea Publishing},
  YEAR =      2000,
  ADDRESS =   {American Mathematical Society, Providence, Rhode Island},
}

@book{hartshorne,
  AUTHOR =    {Robin Hartshorne},
  TITLE =     {Algebraic {G}eometry},
  PUBLISHER = {Springer},
  YEAR =      1993,
  VOLUME =    52,
  SERIES =    {Graduate {T}exts in {M}athematics},
  ADDRESS =   {New York, Berlin, Heidelberg},
}

@book{hatcherat,
  AUTHOR =    {Allen Hatcher},
  TITLE =     {Algebraic topology},
  PUBLISHER = {Cambridge University Press},
  ADDRESS =   {Cambridge},
  YEAR =      2002,
  PAGES =     {xii+544},
  ISBN =      {0-521-79160-X; 0-521-79540-0},
  MRCLASS =   {55-01 (55-00)},
  MRNUMBER =  {2002k:55001},
  MRREVIEWER ={Donald W. Kahn}
}

@article{hoffman,
  AUTHOR =    {J. William Hoffman and Jorge Morales},
  TITLE =     {Arithmetic of {B}inary {C}ubic {F}orms},
  JOURNAL =   {L'{E}nseignement Math{\'{e}}matique},
  YEAR =      {2000},
  VOLUME =    {46},
  PAGES =     {61--94},
}

@article{iw,
  AUTHOR =    {Kenkichi Iwasawa},
  TITLE =     {A {N}ote on {J}acobi {S}ums},
  JOURNAL =   "Symposia Mathematica",
  YEAR =      1975,
  VOLUME =    15,
  PAGES =     {447--459}
}

@article{uwe,
  AUTHOR =    {Uwe Jannsen},
  TITLE =     {Continuous \'{e}tale cohomology},
  JOURNAL =   {Mathematische {A}nnalen},
  YEAR =      1988,
  VOLUME =    280,
  NUMBER =    2,
  PAGES =     {207--245}
}

@incollection{kato1,
  AUTHOR =    {Kazuya Kato},
  TITLE =     {Lectures on the approach to {I}wasawa theory for {H}asse-{W}eil {L}-functions
               via ${B}_{dR}$},
  BOOKTITLE = {Arithmetic {A}lgebraic {G}eometry, {T}rento, 1991},
  PUBLISHER = {Springer},
  ADDRESS =   {New York, Berlin, Heidelberg},
  YEAR =      1993,
  EDITOR =    {E. Ballico},
  PAGES =     {50--163},
  SERIES =    {Lecture {N}otes in {M}athematics},
  NUMBER =    1553
}

@inbook{SGA7II21,
  AUTHOR =    {N. Katz},
  CHAPTER =   {XXI - Le niveau de la cohomologie des intersections compl\`{e}tes},
  PAGES =     {363--400},
  TITLE =     {Groupes de Monodromie en G\'{e}om\'{e}trie Alg\'{e}brique (SGA 7 II)},
  PUBLISHER = {Springer},
  ADDRESS =   {New York, Berlin, Heidelberg},
  YEAR =      1973,
  SERIES =    {Lecture Notes in Mathematics},
  VOLUME =    340
}

@book{kiehl1,
  AUTHOR =    {E. Freitag and Reinhardt Kiehl},
  TITLE =     {Etale Cohomology and the Weil Conjecture},
  PUBLISHER = {Springer},
  YEAR =      1988,
  VOLUME =    13,
  SERIES =    {Ergebnisse der Mathematik und ihrer Grenzgebiete, 3. Folge},
  ADDRESS =   {New York, Berlin, Heidelberg}
}

@book{kiehl2,
  AUTHOR =    {Reinhardt Kiehl and Rainer Weissauer},
  TITLE =     {Weil Conjectures, Perverse Sheaves and $l$-adic Fourier Transform},
  PUBLISHER = {Springer},
  YEAR =      2001,
  VOLUME =    42,
  SERIES =    {Ergebnisse der Mathematik und ihrer Grenzgebiete, 3. Folge},
  ADDRESS =   {New York, Berlin, Heidelberg}
}

@article{kl,
  AUTHOR =    {Steven L. Kleiman},
  TITLE =     {The {S}tandard {C}onjectures},
  JOURNAL =   "Proceedings of Symposia of Pure Mathematics",
  YEAR =      1994,
  VOLUME =    55,
  NUMBER =    1,
  PAGES =     {3--19}
}

@book{knapp,
  AUTHOR =    {Anthony W. Knapp},
  TITLE =     {Elliptic {C}urves},
  PUBLISHER = {Princeton University Press},
  YEAR =      1992,
  ADDRESS =   {Princeton, New Jersey},
}

@book{lanrog,
  AUTHOR =    {Dieter Landers and Lothar Rogge},
  TITLE =     {Nichtstandard {A}nalysis},
  PUBLISHER = {Springer},
  YEAR =      1994,
  ADDRESS =   {New York, Berlin, Heidelberg}
}

@book{lang,
  AUTHOR =    {Serge Lang},
  TITLE =     {Algebra},
  PUBLISHER = {Addison-Wesley Publishing Company},
  YEAR =      1993,
  ADDRESS =   {Reading (Massachusetts), Menlo Park (California), New York},
}

@book{loeb,
  AUTHOR =    {Loeb, Peter A. and  Wolff, Manfred},
  TITLE =     {Nonstandard analysis for the working mathematician},
  SERIES =    {Mathematics and its Applications},
  PUBLISHER = {Kluwer Academic Publishers},
  ADDRESS =   {Dordrecht},
  YEAR =      {2000}
}

@book{manin,
  AUTHOR =    {Yu. I. Manin},
  TITLE =     {Cubic {F}orms},
  PUBLISHER = {North-Holland Publishing Company},
  YEAR =      1974,
  ADDRESS =   {Amsterdam, London},
}

@article{mcc,
  AUTHOR =    {William G. McCallum},
  TITLE =     {On the method of {C}oleman and {C}habauty},
  JOURNAL =   {Mathematische {A}nnalen},
  VOLUME =    299,
  YEAR =      1994,
  PAGES =     {565--596}
}

@article{mi1,
  AUTHOR =    {J. S. Milne},
  TITLE =     {On a conjecture of {A}rtin and {T}ate},
  JOURNAL =   {Annals of Mathematics},
  YEAR =      1975,
  VOLUME =    102,
  PAGES =     {517--533},
}

@article{mi2,
  AUTHOR =    {J. S. Milne},
  TITLE =     {Values of {Z}eta {F}unctions of {V}arieties over {F}inite
              {F}ields},
  JOURNAL =   "American Journal of Mathematics",
  YEAR =      1986,
  VOLUME =    108,
  PAGES =     {297--360},
}

@article{mi3,
  AUTHOR =    {J. S. Milne},
  TITLE =     {Motivic cohomology and values of zeta functions},
  JOURNAL =   "Compositio Mathematica",
  YEAR =      1988,
  VOLUME =    68,
  PAGES =     {59--102}
}

@book{milne,
  AUTHOR =    {J. S. Milne},
  TITLE =     {\'{E}tale {C}ohomology},
  PUBLISHER = {Princeton University Press},
  YEAR =      1980,
  ADDRESS =   {Princeton, New Jersey},
}

@book{redbook,
  AUTHOR =    {David Mumford},
  TITLE =     {The {R}ed {B}ook of {V}arieties and {S}chemes},
  PUBLISHER = {Springer},
  YEAR =      1994,
  VOLUME =    1358,
  SERIES =    {Lecture {N}otes in {M}athematics},
  ADDRESS =   {New York, Berlin, Heidelberg},
}

@book{neukirch,
  AUTHOR =    {J\"urgen Neukirch},
  TITLE =     {Algebraische Zahlentheorie},
  PUBLISHER = {Springer},
  YEAR =      1992,
  ADDRESS =   {New York, Berlin, Heidelberg},
}

@incollection{nshaar,
  AUTHOR =    {Rohit Parikh},
  TITLE =     {A nonstandard theory of topological groups},
  BOOKTITLE = {Applications of Model Theory to Algebra, Analysis, and
              Probability (Internat. Sympos., Pasadena, Calif., 1967)},
  PAGES =     {279--284},
  PUBLISHER = {Holt},
  ADDRESS =   {Rinehart and Winston, New York},
  YEAR =      {1969},
}

@article{nshaarint,
  AUTHOR =    {Richard, Denis},
  TITLE =     {Mesure de {H}aar en analyse non-standard},
  JOURNAL =   {Publ. D\'ep. Math. (Lyon)},
  VOLUME =    {13},
  YEAR =      {1976},
  NUMBER =    {1},
  PAGES =     {15--21},
}

@MASTERSTHESIS{chris,
  AUTHOR =    {Christopher Rupprecht},
  TITLE =     {Kohomologische {I}nvarianten f\"ur {F}ormen h\"oheren {G}rades},
  SCHOOL =    {Universit\"at zu K\"oln},
  YEAR =      1996,
  TYPE =      {Diploma thesis}
}

@inproceedings{robdedekind,
  AUTHOR =    {Abraham Robinson},
  TITLE =     {Non-standard {T}heory of {D}edekind {R}ings},
  BOOKTITLE = {Proceedings of the {K}oninklijke {N}ederlandse {A}kademie van {W}etenschappen},
  YEAR =      1967,
  SERIES =    {Series {A}, Mathematical sciences},
  VOLUME =    {LXX},
  PAGES =     {444--452},
}

@book{nsanalysis,
  AUTHOR =    {Abraham Robinson},
  TITLE =     {Non-standard analysis},
  PUBLISHER = {North-Holland Publishing Co.},
  ADDRESS =   {Amsterdam},
  YEAR =      {1966},
  PAGES =     {xi+293},
}

@article{robarithmetic,
  AUTHOR =    {Abraham Robinson},
  TITLE =     {Nonstandard {A}rithmetic},
  JOURNAL =   "Bulletin of the {A}merican {M}athematical {S}ociety",
  YEAR =      1967,
  VOLUME =    73,
  PAGES =     {818--843},
}

@article{robnspoints,
  AUTHOR =    {Abraham Robinson},
  TITLE =     {Nonstandard points on algebraic curves},
  JOURNAL =   {Journal of Number Theory},
  VOLUME =    {5},
  YEAR =      {1973},
  PAGES =     {301--327},
}

@article {robnsdedekind,
  AUTHOR =    {Abraham Robinson},
  TITLE =     {Non-standard theory of {D}edekind rings},
  JOURNAL =   {Nederl. Akad. Wetensch. Proc. Ser. A 70=Indag. Math.},
  VOLUME =    {29},
  YEAR =      {1967},
  PAGES =     {444--452},
}

@article{robsiegelmahler,
  AUTHOR =    {Robinson, Abraham and Roquette, P.},
  TITLE =     {On the finiteness theorem of {S}iegel and {M}ahler concerning
              {D}iophantine equations},
  JOURNAL =   {Journal of Number Theory},
  VOLUME =    {7},
  YEAR =      {1975},
  PAGES =     {121--176},
}

@incollection{robnsnt,
  AUTHOR =    {Abraham Robinson},
  TITLE =     {Topics in nonstandard algebraic number theory},
  BOOKTITLE = {Applications of Model Theory to Algebra, Analysis, and
              Probability (Internat. Sympos., Pasadena, Calif., 1967)},
  PAGES =     {1--17},
  PUBLISHER = {Holt},
  ADDRESS =   {Rinehart and Winston, New York},
  YEAR =      {1969},
}

@article{schl,
  AUTHOR =    {Michael Schlessinger},
  TITLE =     {Functors of {A}rtin {R}ings},
  JOURNAL =   "Transactions of the {A}merican {M}athematical {S}ociety",
  YEAR =      1968,
  VOLUME =    130,
  NUMBER =    1,
  PAGES =     {208--222},
}

@article{schn,
  AUTHOR =    {Peter Schneider},
  TITLE =     {On the {V}alues of the {Z}eta {F}unction of a {V}ariety
              over a {F}inite {F}ield},
  JOURNAL =   "Composition Mathematica",
  YEAR =      1982,
  VOLUME =    46,
  NUMBER =    2,
  PAGES =     {133--143},
}

@article{ser,
  AUTHOR =    {A. M. \u{S}ermenev},
  TITLE =     {On the {M}otif of a {C}ubic {H}ypersurface},
  JOURNAL =   "Math. USSR Izvestiya",
  YEAR =      1970,
  VOLUME =    4,
  NUMBER =    3,
  PAGES =     {520--526},
}

@book{local,
  AUTHOR =    {Jean-Pierre Serre},
  TITLE =     {Local {F}ields},
  PUBLISHER = {Springer},
  YEAR =      1979,
  VOLUME =    67,
  SERIES =    {Graduate {T}exts in {M}athematics},
  ADDRESS =   {New York, Berlin, Heidelberg},
}

@book{serre,
  AUTHOR =    {Jean-Pierre Serre},
  TITLE =     {Galois {C}ohomology},
  PUBLISHER = {Springer},
  YEAR =      1997,
  ADDRESS =   {New York, Berlin, Heidelberg},
}

@book{shaiharan,
  AUTHOR =    {M. J. {Shai Haran}},
  TITLE =     {The {M}ysteries of the {R}eal {P}rime},
  PUBLISHER = {Clarendon {P}ress},
  YEAR =      2001,
  ADDRESS =   {Oxford},
  SERIES =    {London {M}athematical {S}ociety monographs new series},
  NUMBER =    25
}

@article{shi1,
  AUTHOR =    {Tetsuji Shioda and Toshiyuki Katsura},
  TITLE =     {On {F}ermat {V}arieties},
  JOURNAL =   {T\^{o}hoku Math. Journ.},
  YEAR =      1979,
  VOLUME =    31,
  PAGES =     {97--115},
}

@article{shioda79b,
  AUTHOR =    {Tetsuji Shioda},
  TITLE =     {The {H}odge conjecture and the {T}ate conjecture for Fermat varieties},
  JOURNAL =   {Proc. {J}apan {A}cad. {S}er. {A} {M}ath. {S}ci.},
  YEAR =      1979,
  VOLUME =    55,
  NUMBER =    3,
  PAGES =     {111--114},
}

@article{shioda79,
  AUTHOR =    {Tetsuji Shioda},
  TITLE =     {The {H}odge conjecture for {F}ermat {V}arieties},
  JOURNAL =   {Mathematische Annalen},
  YEAR =      1979,
  VOLUME =    245,
  NUMBER =    2,
  PAGES =     {175--184},
}

@article{shioda81,
  AUTHOR =    {Tetsuji Shioda},
  TITLE =     {Algebraic cycles on abelian varieties of {F}ermat type},
  JOURNAL =   {Mathematische Annalen},
  YEAR =      1981,
  VOLUME =    258,
  NUMBER =    1,
  PAGES =     {65--80},
}

@article{shi2,
  AUTHOR =    {Tetsuji Shioda},
  TITLE =     {What is known about the {H}odge {C}onjecture?},
  JOURNAL =   {Advanced Studies in Pure Mathematics, Algebraic varieties and analytic varieties,
               Proc. Symp., Tokyo 1981},
  YEAR =      1983,
  VOLUME =    1,
  PAGES =     {55--68},
}

@article{shioda82,
  AUTHOR =    {Tetsuji Shioda},
  TITLE =     {Geometry of {F}ermat {V}arieties},
  JOURNAL =   {Number Theory Related to Fermat's Last Theorem, Progress in Math.},
  YEAR =      1982,
  VOLUME =    26,
  PAGES =     {},
}

@article{shi3,
  AUTHOR =    {Tetsuji Shioda},
  TITLE =     {Some {O}bservations on {J}acobi {S}ums},
  JOURNAL =   {Advanced Studies in Pure Mathematics 12, Galois Representations and
               Arithmetic Algebraic Geometry},
  YEAR =      1987,
  PAGES =     {119--135}
}

@incollection{shi4,
  AUTHOR =    {Tetsuji Shioda},
  TITLE =     {Arithmetic and geometry of {F}ermat curves},
  BOOKTITLE = {Algebraic Geometry Seminar, Singapore, 1987},
  PUBLISHER = {World Sci. Publishing, Singapore},
  YEAR =      1988,
  PAGES =     {95--102}
}

@book{tamme,
  AUTHOR =    {G\"unter Tamme},
  TITLE =     {Introduction to \'{E}tale {C}ohomology},
  PUBLISHER = {Springer},
  YEAR =      1994,
  SERIES =    {Universitext},
  ADDRESS =   {New York, Berlin, Heidelberg},
}

@incollection{ta1,
  AUTHOR =    {John T. Tate},
  TITLE =     {Algebraic {C}ycles and {P}oles of {Z}eta {F}unctions},
  BOOKTITLE = {Arithmetical Algebraic Geometry},
  PUBLISHER = {Harper and Row},
  YEAR =      1965,
  PAGES =     {93--100},
  EDITOR =    {O. F. G. Schilling},
  ADDRESS =   {New York},
}

@article{ta2,
  AUTHOR =    {John T. Tate},
  TITLE =     {Conjectures on {A}lgebraic {C}ycles in $\ell$-adic {C}ohomology},
  JOURNAL =   "Proceedings of Symposia of Pure Mathematics",
  YEAR =      1994,
  VOLUME =    55,
  NUMBER =    1,
  PAGES =     {71--83}
}

@book {Weib,
  AUTHOR =    {Weibel, Charles A.},
  TITLE =     {An introduction to homological algebra},
  SERIES =    {Cambridge Studies in Advanced Mathematics},
  VOLUME =    38,
  PUBLISHER = {Cambridge University Press},
  ADDRESS =   {Cambridge},
  YEAR =      1994,
  PAGES =     {xiv+450},
  ISBN =      {0-521-43500-5; 0-521-55987-1},
  MRCLASS =   {18-01 (16-01 17-01 20-01 55Uxx)},
  MRNUMBER =  {95f:18001},
  MRREVIEWER ={Kenneth A. Brown}
}

@article{weil,
  AUTHOR =    {Andr\'{e} Weil},
  TITLE =     {Numbers of {S}olutions of {E}quations in {F}inite {F}ields},
  JOURNAL =   "Bulletin of the American Mathematical Society",
  YEAR =      1949,
  VOLUME =    55,
  NUMBER =    1,
  PAGES =     {497--508},
}

@article{wei2,
  AUTHOR =    {Andr\'{e} Weil},
  TITLE =     {Jacobi {S}ums as ``{G}r{\"o}{\ss}encharaktere''},
  JOURNAL =   "Transactions of the American Mathematical Society",
  YEAR =      1952,
  VOLUME =    73,
  PAGES =     {487--495},
}

@ARTICLE{wes1,
  AUTHOR =    {Andrzej S{\l}adek and Adam Weso{\l}owski},
  TITLE =     {Clifford-{L}ittlewood-{E}ckmann groups as orthogonal groups of forms of higher degree},
  JOURNAL =   {Annales Mathematicae Silesianae},
  YEAR =      {1998},
  VOLUME =    {12},
  PAGES =     {93--103},
}

@ARTICLE{wes2,
  AUTHOR =    {Adam Weso{\l}owski},
  TITLE =     {Automorphism and similarity groups of forms determined by the characteristic polynomial},
  JOURNAL =   {Communications in Algebra},
  YEAR =      {1999},
  VOLUME =    {27},
  NUMBER =    {7},
  PAGES =     {3109--3116},
}

@incollection{yui1,
  AUTHOR =    {Noriko Yui},
  TITLE =     {Special {V}alues of {Z}eta-{F}unctions of {F}ermat {V}arieties over {F}inite {F}ields},
  BOOKTITLE = {Number Theory, New York Seminar 1989-1990},
  PUBLISHER = {Springer},
  YEAR =      1992,
  PAGES =     {251--275}
}
